<?xml version="1.0" encoding="UTF-8"?>
<collection xmlns:xsi="http://www.w3.org/2001/XMLSchema-instance" xsi:schemaLocation="http://www.loc.gov/MARC21/slim http://www.loc.gov/standards/marcxml/schema/MARC21slim.xsd" xmlns="http://www.loc.gov/MARC21/slim">
<record>
  <leader>00728cam a2200217 a 4500</leader>
  <controlfield tag="001">2958373</controlfield>
  <controlfield tag="003">NNC</controlfield>
  <controlfield tag="005">20130426002642.0</controlfield>
  <controlfield tag="008">831209s1922    sy            000 0 araod</controlfield>
  <datafield tag="035" ind1=" " ind2=" ">
    <subfield code="a">(OCoLC)ocm10206342</subfield>
  </datafield>
  <datafield tag="035" ind1=" " ind2=" ">
    <subfield code="9">ASK3496CU</subfield>
  </datafield>
  <datafield tag="035" ind1=" " ind2=" ">
    <subfield code="a">(NNC)2958373</subfield>
  </datafield>
  <datafield tag="040" ind1=" " ind2=" ">
    <subfield code="a">IXA</subfield>
    <subfield code="c">IXA</subfield>
    <subfield code="d">ZCU</subfield>
  </datafield>
  <datafield tag="090" ind1=" " ind2=" ">
    <subfield code="a">BP195.W2</subfield>
    <subfield code="b">S22</subfield>
  </datafield>
  <datafield tag="100" ind1="1" ind2=" ">
    <subfield code="a">Sāʻātī, Aḥmad Fawzī.</subfield>
  </datafield>
  <datafield tag="245" ind1="1" ind2="3">
    <subfield code="a">al-Inṣāf fī daʻwat al-Wahhābīyah wa-khuṣūmihim li-rafʻ al-khilāf /</subfield>
    <subfield code="c">taʾlīf Aḥmad Fawzī al-Sāʻātī.</subfield>
  </datafield>
  <datafield tag="260" ind1=" " ind2=" ">
    <subfield code="a">Dimashq :</subfield>
    <subfield code="b">[s.n.],</subfield>
    <subfield code="c">1922</subfield>
    <subfield code="e">(Dimashq :</subfield>
    <subfield code="f">Maṭbaʻat al-Dawlah)</subfield>
  </datafield>
  <datafield tag="300" ind1=" " ind2=" ">
    <subfield code="a">38 p. ;</subfield>
    <subfield code="c">22 cm.</subfield>
  </datafield>
  <datafield tag="600" ind1="0" ind2="0">
    <subfield code="a">Muḥammad ibn ʻAbd al-Wahhāb,</subfield>
    <subfield code="d">1703 or 1704-1792.</subfield>
  </datafield>
  <datafield tag="650" ind1=" " ind2="0">
    <subfield code="a">Wahhābīyah.</subfield>
  </datafield>
  <datafield tag="955" ind1=" " ind2=" ">
    <subfield code="b">CU55322956</subfield>
    <subfield code="d">off,glx</subfield>
    <subfield code="e">BP195.W2 S22</subfield>
  </datafield>
</record>
</collection>